@misc{cook_2021,
  author       = {Cook,John D. },
  title        = {Theoretical explanation for numerical results},
  howpublished = {\url{https://www.johndcook.com/blog/2008/09/28/theoretical-explanation-for-numerical-results/}},
  note         = {Accedido el d√≠a 17 de agosto de 2021}
}