@book{satori_2021,
  author    = {Sartori, Camilo},
  title     = {Computación y programación funcional : introducción al cálculo lambda y la programación funcional usando Racket y Python},
  publisher = {Marcombo},
  year      = {2021},
  address   = {Barcelona},
  isbn      = {978-84-267-3243-9}
}