@book{grossman_2019,
  author    = {Grossman, Stanley},
  title     = {Álgebra lineal},
  publisher = {McGraw Hill},
  year      = {2019},
  address   = {Ciudad de México},
  isbn      = {978-1456272128}
}