@book{arias_2010,
  author    = {Arias, José},
  title     = {Matrices y sistemas de ecuaciones lineales},
  publisher = {Universidad de Medellín},
  year      = {2010},
  address   = {Medellín, Colombia},
  isbn      = {9789588348612}
}
@book{grossman_2019,
  author    = {Grossman, Stanley},
  title     = {Álgebra lineal},
  publisher = {McGraw Hill},
  year      = {2019},
  address   = {Ciudad de México},
  isbn      = {978-1456272128}
}