@article{Acosto_2016,
  author   = { Acosta, C. R.de Coss, M.},
  title    = { Solución numérica de ecuaciones diferenciales unidimensionales por el método de diferencias finitas },
  year     = { 2016 },
  journal  = { Ingeniería },
  keywords = { Ecuaciones Diferenciales Ordinarias;  Método de diferencias finitas;  Enseñanza.; Ordinary Differential Equations;  Finite differences method;  Teaching. },
  issn     = { 1665-529X },
  language = {Español},
  url      = {https://www.redalyc.org/articulo.oa?id=46750929004 }
}	    	