@misc{lorem_lipsum,
  title        = {Lorem Lipsum text},
  howpublished = {\url{https://es.lipsum.com/}}
}