@book{ott_2002,
  author    = {Ott, Edward},
  title     = {Chaos in dynamical systems},
  publisher = {Cambridge University Press},
  year      = {2002},
  address   = {Cambridge, U.K. New York},
  isbn      = {9780521010849}
}