@article{gorguis_2008,
  title   = {Heat equation and its comparative solutions},
  journal = {Computers \& Mathematics with Applications},
  volume  = {55},
  number  = {12},
  pages   = {2973-2980},
  year    = {2008},
  issn    = {0898-1221},
  doi     = {https://doi.org/10.1016/j.camwa.2007.11.028},
  url     = {https://www.sciencedirect.com/science/article/pii/S089812210700819X},
  author  = {Alice Gorguis and Wai Kit {Benny Chan}}
}
@article{sandoval_2019,
  title     = {Métodos numéricos en diferencias finitas para la estimación de recursos de Hardware FPGA en arquitecturas LFSR(n,k) fractales},
  journal   = {{Ingeniería, investigación y tecnología}},
  author    = {Sandoval-Ruiz and Cecilia E.},
  issn      = {1405-7743},
  url       = {http://www.scielo.org.mx/scielo.php?script=sci_arttext&pid=S1405-77432019000300008&nrm=iso},
  volume    = {20},
  year      = {2019},
  month     = {09},
  publisher = {scielomx}
}
@article{quintana_2016,
  author  = {Quintana Murillo, Joaquín},
  journal = {Universidad de Extremadura},
  title   = {Métodos numéricos en diferencias finitas para la resolución de ecuaciones difusivas fraccionarias},
  year    = {2016},
  url     = {http://hdl.handle.net/10662/4379}
}
@article{chavarria_2019,
  doi       = {10.15359/ru.33-1.7},
  url       = {https://doi.org/10.15359/ru.33-1.7},
  year      = {2019},
  month     = jan,
  publisher = {Universidad Nacional de Costa Rica},
  volume    = {33},
  number    = {1},
  pages     = {83},
  author    = {Filánder Sequeira-Chavarría and Melvin Ramírez-Bogantes},
  title     = {Aspectos computacionales del método de diferencias finitas para la ecuación de calor dependiente del tiempo},
  journal   = {Uniciencia}
}
@book{wazwaz_2002,
  title     = {Partial differential equations},
  author    = {Wazwaz, Abdul-Majid},
  year      = {2002},
  publisher = {CRC Press}
}
@book{sommerfeld_1949,
  title     = {Partial differential equations in physics},
  author    = {Sommerfeld, Arnold},
  year      = {1949},
  publisher = {Academic press}
}
@article{trong_2005,
  title   = {Nonhomogeneous heat equation: Identification and regularization for the inhomogeneous term},
  journal = {Journal of Mathematical Analysis and Applications},
  volume  = {312},
  number  = {1},
  pages   = {93-104},
  year    = {2005},
  issn    = {0022-247X},
  doi     = {https://doi.org/10.1016/j.jmaa.2005.03.037},
  url     = {https://www.sciencedirect.com/science/article/pii/S0022247X05002362},
  author  = {Dang Duc Trong and Nguyen Thanh Long and Pham Ngoc Dinh Alain}
}
@article{el_2003,
  title   = {A note on a three-term recurrence for a tridiagonal matrix},
  journal = {Applied Mathematics and Computation},
  volume  = {139},
  number  = {2},
  pages   = {503-511},
  year    = {2003},
  issn    = {0096-3003},
  doi     = {https://doi.org/10.1016/S0096-3003(02)00212-6},
  url     = {https://www.sciencedirect.com/science/article/pii/S0096300302002126},
  author  = {Moawwad El-Mikkawy}
}
@article{yuan_2009,
  author  = {Lin, Yuan and Gao, Xuejun and Xiao, MingQing},
  title   = {A high-order finite difference method for 1D nonhomogeneous heat equations},
  journal = {Numerical Methods for Partial Differential Equations},
  volume  = {25},
  number  = {2},
  pages   = {327-346},
  doi     = {https://doi.org/10.1002/num.20345},
  url     = {https://onlinelibrary.wiley.com/doi/abs/10.1002/num.20345},
  year    = {2009}
}

